<record><leader>00000cas a2200000 a 4500</leader><controlfield tag="001">45484120</controlfield><controlfield tag="008">001206c19uu9999ilumr ne      0   a0eng c</controlfield><datafield ind1=" " ind2=" " tag="010"><subfield code="a">sn 00061592 </subfield></datafield><datafield ind1=" " ind2=" " tag="040"><subfield code="a">NVF</subfield><subfield code="b">eng</subfield><subfield code="c">NVF</subfield><subfield code="d">OCLCQ</subfield><subfield code="d">OCLCF</subfield><subfield code="d">OCLCO</subfield><subfield code="d">NVF</subfield></datafield><datafield ind1=" " ind2=" " tag="042"><subfield code="a">pcc</subfield></datafield><datafield ind1=" " ind2=" " tag="043"><subfield code="a">n-us-il</subfield></datafield><datafield ind1="0" ind2=" " tag="130"><subfield code="a">Senior citizens news and views (Peoria, Ill.)</subfield></datafield><datafield ind1="1" ind2="0" tag="245"><subfield code="a">Senior citizens news and views.</subfield></datafield><datafield ind1="1" ind2=" " tag="246"><subfield code="i">Published as:</subfield><subfield code="a">Senior citizens news &amp; views</subfield><subfield code="f">Aug. 1986-</subfield></datafield><datafield ind1=" " ind2=" " tag="260"><subfield code="a">Peoria, Ill. :</subfield><subfield code="b">Michael Kenny</subfield></datafield><datafield ind1="3" ind2=" " tag="260"><subfield code="3">Nov. 2002-</subfield><subfield code="a">Peoria, Ill. :</subfield><subfield code="b">Molleck Publications Inc.</subfield></datafield><datafield ind1=" " ind2=" " tag="300"><subfield code="a">volumes</subfield></datafield><datafield ind1=" " ind2=" " tag="310"><subfield code="a">Monthly</subfield></datafield><datafield ind1=" " ind2=" " tag="500"><subfield code="a">Issues for Aug. 1986- called Mid-Illinois ed.</subfield></datafield><datafield ind1=" " ind2=" " tag="515"><subfield code="a">Issues for May 1987- called v. 2, issue 1-</subfield></datafield><datafield ind1=" " ind2=" " tag="515"><subfield code="a">Issue for v. 15, issue 9 (Jan. 2001) erroneously designated as v. 15, issue 8 (Jan. 2001).</subfield></datafield><datafield ind1=" " ind2=" " tag="515"><subfield code="a">Issue for v. 15, issue 11 (Mar. 2001) erroneously designated as v. 15, issue 100 (Mar. 2001).</subfield></datafield><datafield ind1=" " ind2=" " tag="588"><subfield code="a">Description based on: Vol. 102, issue 101 (May 1986).</subfield></datafield><datafield ind1=" " ind2=" " tag="588"><subfield code="a">Latest issue consulted: Vol. 18, issue 5 (May. 2003).</subfield></datafield><datafield ind1=" " ind2="0" tag="650"><subfield code="a">Older people</subfield><subfield code="z">Illinois</subfield><subfield code="v">Newspapers.</subfield></datafield><datafield ind1=" " ind2="0" tag="651"><subfield code="a">Peoria (Ill.)</subfield><subfield code="v">Newspapers.</subfield></datafield><datafield ind1=" " ind2="7" tag="650"><subfield code="a">Older people.</subfield><subfield code="2">fast</subfield><subfield code="0">(OCoLC)fst01199093</subfield></datafield><datafield ind1=" " ind2="7" tag="651"><subfield code="a">Illinois.</subfield><subfield code="2">fast</subfield><subfield code="0">(OCoLC)fst01205143</subfield></datafield><datafield ind1=" " ind2="7" tag="651"><subfield code="a">Illinois</subfield><subfield code="z">Peoria.</subfield><subfield code="2">fast</subfield><subfield code="0">(OCoLC)fst01206107</subfield></datafield><datafield ind1=" " ind2="7" tag="655"><subfield code="a">Newspapers.</subfield><subfield code="2">fast</subfield><subfield code="0">(OCoLC)fst01423814</subfield></datafield><datafield ind1=" " ind2=" " tag="752"><subfield code="a">United States</subfield><subfield code="b">Illinois</subfield><subfield code="c">Peoria County</subfield><subfield code="d">Peoria.</subfield></datafield><datafield ind1="1" ind2=" " tag="029"><subfield code="a">AU@</subfield><subfield code="b">000024786706</subfield></datafield></record>